<?xml version="1.0" encoding="UTF-8"?><collection xmlns="http://www.loc.gov/MARC21/slim"><record><leader>00449nam--2200145-i-4500</leader><controlfield tag="001">000009613</controlfield><controlfield tag="002">20161230</controlfield><controlfield tag="005">20161230201028</controlfield><controlfield tag="008">060222s1000------------r-----000-0-eng-d</controlfield><datafield ind1=" " ind2=" " tag="100"><subfield code="a">Da Costa Cabral, Duarte Seixas</subfield></datafield><datafield ind1=" " ind2=" " tag="245"><subfield code="a">Problemes aux limites non lineaires pour une equation parabolique. these</subfield></datafield><datafield ind1=" " ind2=" " tag="260"><subfield code="a">Rennes, Faculte De Sciences De L Universite De Rennes, 1969</subfield></datafield><datafield ind1=" " ind2=" " tag="490"><subfield code="a">151p</subfield></datafield><datafield ind1=" " ind2=" " tag="852"><subfield code="a">34407</subfield><subfield code="c">517.9</subfield></datafield><datafield ind1=" " ind2=" " tag="CAT"><subfield code="a">Sys</subfield><subfield code="c">20081014</subfield><subfield code="h">085406</subfield></datafield></record></collection>